@article{tam2012registration,
  title={Registration of 3D Point Clouds and Meshes: a Survey from Rigid to Nonrigid},
  author={Tam, Gary KL and Cheng, Zhi-Quan and Lai, Yu-Kun and Langbein, Frank C and Liu, Yonghuai and Marshall, David and Martin, Ralph R and Sun, Xian-Fang and Rosin, Paul L},
  journal={IEEE transactions on visualization and computer graphics},
  volume={19},
  number={7},
  pages={1199--1217},
  year={2012},
  publisher={IEEE}
}

@inproceedings{bellekens2014survey,
  title={A Survey of Rigid 3D Pointcloud Registration Algorithms},
  author={Bellekens, Ben and Spruyt, Vincent and Berkvens, Rafael and Weyn, Maarten},
  booktitle={AMBIENT 2014: the Fourth International Conference on Ambient Computing, Applications, Services and Technologies, August 24-28, 2014, Rome, Italy},
  pages={8--13},
  year={2014}
}

@article{niessner2013real,
  title={Real-time 3D Reconstruction at Scale Using Voxel Hashing},
  author={Nie{\ss}ner, Matthias and Zollh{\"o}fer, Michael and Izadi, Shahram and Stamminger, Marc},
  journal={ACM Transactions on Graphics (ToG)},
  volume={32},
  number={6},
  pages={169},
  year={2013},
  publisher={ACM}
}

@inproceedings{keselman2017intel,
  title={Intel RealSense Stereoscopic Depth Cameras},
  author={Keselman, Leonid and Iselin Woodfill, John and Grunnet-Jepsen, Anders and Bhowmik, Achintya},
  booktitle={Proceedings of the IEEE Conference on Computer Vision and Pattern Recognition Workshops},
  pages={1--10},
  year={2017}
}

@inproceedings{newcombe2011kinectfusion,
  title={Kinectfusion: Real-time dense surface mapping and tracking.},
  author={Newcombe, Richard A and Izadi, Shahram and Hilliges, Otmar and Molyneaux, David and Kim, David and Davison, Andrew J and Kohli, Pushmeet and Shotton, Jamie and Hodges, Steve and Fitzgibbon, Andrew W},
  booktitle={ISMAR},
  volume={11},
  number={2011},
  pages={127--136},
  year={2011}
}

@inproceedings{piccardi2004background,
  title={Background subtraction techniques: a review},
  author={Piccardi, Massimo},
  booktitle={2004 IEEE International Conference on Systems, Man and Cybernetics (IEEE Cat. No. 04CH37583)},
  volume={4},
  pages={3099--3104},
  year={2004},
  organization={IEEE}
}

@inproceedings{cignoni2008meshlab,
  title={Meshlab: an open-source mesh processing tool.},
  author={Cignoni, Paolo and Callieri, Marco and Corsini, Massimiliano and Dellepiane, Matteo and Ganovelli, Fabio and Ranzuglia, Guido},
  booktitle={Eurographics Italian chapter conference},
  volume={2008},
  pages={129--136},
  year={2008}
}

@inproceedings{chetverikov2002trimmed,
  title={The trimmed iterative closest point algorithm},
  author={Chetverikov, Dmitry and Svirko, Dmitry and Stepanov, Dmitry and Krsek, Pavel},
  booktitle={Object recognition supported by user interaction for service robots},
  volume={3},
  pages={545--548},
  year={2002},
  organization={IEEE}
}

@inproceedings{mellado2014super,
  title={Super 4pcs fast global pointcloud registration via smart indexing},
  author={Mellado, Nicolas and Aiger, Dror and Mitra, Niloy J},
  booktitle={Computer Graphics Forum},
  volume={33},
  number={5},
  pages={205--215},
  year={2014},
  organization={Wiley Online Library}
}

@article{pomerleau2015review,
  title={A review of point cloud registration algorithms for mobile robotics},
  author={Pomerleau, Fran{\c{c}}ois and Colas, Francis and Siegwart, Roland and others},
  journal={Foundations and Trends{\textregistered} in Robotics},
  volume={4},
  number={1},
  pages={1--104},
  year={2015},
  publisher={Now Publishers, Inc.}
}

@misc{librealsense,
  author = {Intel Computer Vision},
  title = {{RealSense SDK 2}},
  howpublished = "\url{https://github.com/IntelRealSense/librealsense}",
  year = {2019},
  note = "[Online; accessed 11-December-2019]"
}
