@inproceedings{kazhdan2006poisson,
  title={Poisson surface reconstruction},
  author={Kazhdan, Michael and Bolitho, Matthew and Hoppe, Hugues},
  booktitle={Proceedings of the fourth Eurographics symposium on Geometry processing},
  volume={7},
  year={2006}
}

@inproceedings{carr2001reconstruction,
  title={Reconstruction and representation of 3D objects with radial basis functions},
  author={Carr, Jonathan C and Beatson, Richard K and Cherrie, Jon B and Mitchell, Tim J and Fright, W Richard and McCallum, Bruce C and Evans, Tim R},
  booktitle={Proceedings of the 28th annual conference on Computer graphics and interactive techniques},
  pages={67--76},
  year={2001},
  organization={ACM}
}

@article{amenta1998new,
  title={A new Voronoi-based surface reconstruction algorithm},
  author={Amenta, Nina and Bern, Marshall and Kamvysselis, Manolis},
  year={1998}
}
